<?xml version="1.0" encoding="UTF-8"?><collection xmlns="http://www.loc.gov/MARC21/slim"><record><leader>00515nam--2200169-i-4500</leader><controlfield tag="001">000033975</controlfield><controlfield tag="002">20161230</controlfield><controlfield tag="005">20161230201039</controlfield><controlfield tag="008">060222s1000------------r-----000-0-eng-d</controlfield><datafield ind1=" " ind2=" " tag="040"><subfield code="a">IFIN-HH</subfield></datafield><datafield ind1=" " ind2=" " tag="080"><subfield code="a">539.172</subfield></datafield><datafield ind1="1" ind2=" " tag="100"><subfield code="a">Welsh, Leland Merritt</subfield></datafield><datafield ind1="1" ind2="0" tag="245"><subfield code="a">Cross sections for electron capture by fast protons in h2, he, n2, ar</subfield><subfield code="b">Dissertation</subfield><subfield code="c">Leland merritt welsh</subfield></datafield><datafield ind1=" " ind2=" " tag="260"><subfield code="a">Ann Arbor, Michigan</subfield><subfield code="b">University Microfilms, Inc</subfield><subfield code="c">1966</subfield></datafield><datafield ind1=" " ind2=" " tag="300"><subfield code="a">56P</subfield></datafield><datafield ind1=" " ind2=" " tag="852"><subfield code="a">29235</subfield><subfield code="c">539.17</subfield></datafield><datafield ind1=" " ind2=" " tag="CAT"><subfield code="a">Sys</subfield><subfield code="c">20120601</subfield><subfield code="h">134300</subfield></datafield></record></collection>